<record><leader>00000cas a22000007a 4500</leader><controlfield tag="001">16670805</controlfield><controlfield tag="008">870911d187u1879iauwr ne      0    0eng d</controlfield><datafield ind1=" " ind2=" " tag="010"><subfield code="a">sn 87058502 </subfield></datafield><datafield ind1=" " ind2=" " tag="040"><subfield code="a">INP</subfield><subfield code="b">eng</subfield><subfield code="c">INP</subfield><subfield code="d">OCLCQ</subfield></datafield><datafield ind1=" " ind2=" " tag="042"><subfield code="a">msc</subfield></datafield><datafield ind1="0" ind2="0" tag="245"><subfield code="a">Newell weekly mirror.</subfield></datafield><datafield ind1="3" ind2="0" tag="246"><subfield code="a">Newell mirror</subfield></datafield><datafield ind1=" " ind2=" " tag="260"><subfield code="a">Newell, Buena Vista County, Iowa :</subfield><subfield code="b">Jas. N. Miller,</subfield><subfield code="c">-1879.</subfield></datafield><datafield ind1=" " ind2=" " tag="300"><subfield code="a">v.</subfield></datafield><datafield ind1=" " ind2=" " tag="310"><subfield code="a">Weekly</subfield></datafield><datafield ind1="0" ind2=" " tag="362"><subfield code="a">-v. 5, no. 17 (June 6, 1879).</subfield></datafield><datafield ind1=" " ind2=" " tag="588"><subfield code="a">Description based on: Vol. 5, no. 13 (May 9, 1879).</subfield></datafield><datafield ind1=" " ind2=" " tag="752"><subfield code="a">United States</subfield><subfield code="b">Iowa</subfield><subfield code="c">Buena Vista</subfield><subfield code="d">Newell.</subfield></datafield><datafield ind1="0" ind2="0" tag="780"><subfield code="t">Newell mirror (Newell, Iowa : 1874)</subfield><subfield code="w">(DLC)sn 84038378</subfield></datafield><datafield ind1="0" ind2="0" tag="785"><subfield code="t">Newell mirror (Newell, Iowa : 1879)</subfield><subfield code="w">(DLC)sn 87058503</subfield></datafield></record>